
@article{Cottrell,
  title = {Traitements de texte: stupides et inefficaces},
  author = {Cottrell, Allin},
  pages = {14},
  langid = {french},
  file = {C\:\\Users\\Ricardo Davalos\\Zotero\\storage\\JAFWS6YD\\Cottrell - Traitements de texte stupides et inefficaces.pdf}
}

@online{Depriester2012,
  title = {LaTeX : introduction aux présentations Beamer},
  shorttitle = {LaTeX},
  author = {Depriester, Dorian},
  date = {2012-01-29T16:48:55+00:00},
  url = {https://blog.dorian-depriester.fr/latex/beamer/latex-introduction-aux-presentations-beamer},
  urldate = {2022-09-06},
  abstract = {Il serait réducteur de croire que~ n’est capable de générer que des documents d’impression. Une autre de ses grandes facultés est celle de créer des documents de présentation. Le fichier généré reste en PDF, mais la plupart des lecteurs PDF permettent maintenant l’affichage en mode présentation. La classe~ qui permet de générer ce type de … Continuer la lecture de LaTeX~: introduction aux présentations Beamer →},
  langid = {french},
  organization = {{Le Blog de Dorian}},
  file = {C\:\\Users\\Ricardo Davalos\\Zotero\\storage\\AJJP9WLY\\latex-introduction-aux-presentations-beamer.html}
}

@book{Lozano2008,
  title = {Tout ce que vous avez toujours voulu savoir sur LaTeX sans jamais oser le demander 1.0 ou comment utiliser LaTeX quand on n'y connaît goutte},
  author = {Lozano, Vincent},
  date = {2008},
  publisher = {{In Libro Veritas}},
  location = {{Cergy-Pontoise}},
  isbn = {978-2-35209-149-3},
  langid = {french},
  annotation = {OCLC: 494797566},
  file = {C\:\\Users\\Ricardo Davalos\\Zotero\\storage\\EKCU9QPM\\Lozano - 2008 - Tout ce que vous avez toujours voulu savoir sur La.pdf}
}

@online{Peeters2013,
  title = {Introduction à {{LaTeX}}},
  author = {Peeters, Pierre-Louis},
  date = {2013-09-04},
  url = {https://www.plpeeters.com/blog/fr/post/110-introduction-a-latex},
  urldate = {2022-08-31},
  abstract = {Ce tutoriel va vous présenter LaTeX, un langage de balisage vous permettant de créer des documents PDF à l'allure professionnelle.},
  organization = {{PLPeeters.com}}
}

@book{Rouquette2011,
  title = {({{Xe}}){{LaTeX}} Appliqué Aux {{Sciences}} Humaines},
  author = {Rouquette, Maïeul},
  date = {2011},
  url = {http://www.atramenta.net/books/latex-sciences-humaines/79},
  file = {C\:\\Users\\Ricardo Davalos\\Zotero\\storage\\JT9JS2QI\\latex-sciences-humaines.pdf}
}

@online{zotero-4941,
  title = {LaTeX — Wikilivres},
  url = {https://fr.wikibooks.org/wiki/LaTeX},
  urldate = {2022-09-06},
  langid = {french},
  file = {C\:\\Users\\Ricardo Davalos\\Zotero\\storage\\MGUYM3T4\\LaTeX.html}
}


